
@article{singh2013automated,
  title={Automated feedback generation for introductory programming assignments},
  author={Singh, Rishabh and Gulwani, Sumit and Solar-Lezama, Armando},
  journal={ACM SIGPLAN Notices},
  volume={48},
  number={6},
  pages={15--26},
  year={2013},
  publisher={ACM}
}

@phdthesis{gao2015auto,
  title={Auto grading tool for introductory programming courses},
  author={Gao, Jianxiong},
  year={2015}
}

@inproceedings{gao2016automated,
  title={Automated Feedback Framework for Introductory Programming Courses},
  author={Gao, Jianxiong and Pang, Bei and Lumetta, Steven S},
  booktitle={Proceedings of the 2016 ACM Conference on Innovation and Technology in Computer Science Education},
  pages={53--58},
  year={2016},
  organization={ACM}
}

@inproceedings{antonucci2015incremental,
  title={An incremental hint system for automated programming assignments},
  author={Antonucci, Paolo and Estler, Christian and Nikoli{\'c}, Durica and Piccioni, Marco and Meyer, Bertrand},
  booktitle={Proceedings of the 2015 ACM Conference on Innovation and Technology in Computer Science Education},
  pages={320--325},
  year={2015},
  organization={ACM}
}

@inproceedings{srikant2014,
 title = {A System to Grade Computer Programming Skills Using Machine Learning},
 author = {Srikant, Shashank and Aggarwal, Varun},
 booktitle = {Proceedings of the 20th ACM SIGKDD International Conference on Knowledge Discovery and Data Mining},
 series = {KDD '14},
 year = {2014},
 isbn = {978-1-4503-2956-9},
 location = {New York, New York, USA},
 pages = {1887--1896},
 numpages = {10},
 url = {http://doi.acm.org/10.1145/2623330.2623377},
 doi = {10.1145/2623330.2623377},
 acmid = {2623377},
 publisher = {ACM},
 address = {New York, NY, USA},
 keywords = {automatic grading, feature engineering, mooc, one-class learning, recruitment, supervised learning},
} 

@misc{webcat,
  title={{Web-CAT}},
  howpublished="\url{http://web-cat.org}"
}

@misc{stepik,
  title={Stepik},
  howpublished="\url{http://welcome.stepik.org}"
}

@misc{zandenUTKcodeassessor,
  title={{CodeAssessor}},
  howpublished="\url{http://web.eecs.utk.edu/~vbz/codeassessor}"
}

@article{zanden2012codeassessor,
  title={{CodeAssessor}: an interactive, web-based tool for introductory programming},
  author={Zanden, Brad Vander and Anderson, David and Taylor, Curtis and Davis, Will and Berry, Michael W},
  journal={Journal of Computing Sciences in Colleges},
  volume={28},
  number={2},
  pages={73--80},
  year={2012},
  publisher={Consortium for Computing Sciences in Colleges}
}

@article{vander2013improving,
  title={Improving automatic code assessment},
  author={Vander Zanden, Brad and Berry, Michael W},
  journal={Journal of Computing Sciences in Colleges},
  volume={29},
  number={2},
  pages={162--168},
  year={2013},
  publisher={Consortium for Computing Sciences in Colleges}
}

